Automatically generated by Mendeley Desktop 1.17.6
Any changes to this file will be lost if it is regenerated by Mendeley.

BibTeX export options can be customized via Options -> BibTeX in Mendeley Desktop

@misc{previousStudy,
author = {Fuentes, Oscar},
file = {:C$\backslash$:/Users/pol{\_}4/Desktop/TFG/DOCS/arxiusPreliminars/UNMANNED AIR VEHICLE FOR ATMOSPHERIC ELECTRICITY RESEARCH.pptx:pptx},
title = {{UNMANNED AIR VEHICLE FOR ATMOSPHERIC ELECTRICITY RESEARCH}}
}
@article{tfgsensing,
author = {{Roger Guti{\'{e}}rrez}, Ramon},
file = {:C$\backslash$:/Users/pol{\_}4/Desktop/TFG/DOCS/arxiusPreliminars/CD entrega final/1.Report.pdf:pdf},
title = {{Study of altitude electric atmospheric potential sensing}},
year = {2014}
}
@article{llampsMontanya,
author = {{Montany{\`{a}} Puig}, Joan},
file = {:C$\backslash$:/Users/pol{\_}4/Desktop/TFG/DOCS/arxiusPreliminars/Llamps.pdf:pdf},
pages = {8--38},
title = {{La investigaci{\'{o}}n en rayos}}
}
